@misc{dinh2017density,
      title={Density estimation using Real NVP}, 
      author={Laurent Dinh and Jascha Sohl-Dickstein and Samy Bengio},
      year={2017},
      eprint={1605.08803},
      archivePrefix={arXiv},
      primaryClass={cs.LG}
}

@ARTICLE{short_time_fourier_transform,
  author={Durak, L. and Arikan, O.},
  journal={IEEE Transactions on Signal Processing}, 
  title={Short-time Fourier transform: two fundamental properties and an optimal implementation}, 
  year={2003},
  volume={51},
  number={5},
  pages={1231-1242},
  keywords={Fourier transforms;Time frequency analysis;Kernel;Spectrogram;Chirp;Rotation measurement;Signal resolution;Wideband;Narrowband;Transient analysis},
  doi={10.1109/TSP.2003.810293}}
